@misc{synsys,
	title = {synsys - A European expertise Network on building the synapse},
	url = {http://www.synsys.eu/},
    year = {2014},
	urldate = {2014-04-24},
	author = {{{SynSys} Project}},
	file = {synsys - A European expertise Network on building the synapse:/home/gavin/.mozilla/firefox/i2j16z7y.default/zotero/storage/J2HM7XE3/www.synsys.eu.html:text/html}
}

@online{wkmdacommons,
 author  = "Wikimedia Commons",
 title   = "File:Simple decision tree.svg"
 year    = "2013",
 urlseen = "02-04-13",
 url     = "http://commons.wikimedia.org/wiki/File:Simple_decision_tree.svg"
}

@unpublished{mcleanunpub,
    author = "N.S.Pillai and A.M. Stuart and A.H.Thiery",
    title = "Gradient Flow from a random walk in Hilbert space",
    note = "Submitted",
    arXiv = "arXiv:1108.1494",
}
