@book{purves2012neuroscience,
  title={Neuroscience},
  author={Purves, D.},
  isbn={9780878936953},
  lccn={2011038400},
  url={http://books.google.co.uk/books?id=B5YXRAAACAAJ},
  year={2012},
  publisher={Sinauer Associates, Incorporated}
}
@article{steinert2008nitric,
  title={Nitric oxide is a volume transmitter regulating postsynaptic excitability at a glutamatergic synapse},
  author={Steinert, Joern R and Kopp-Scheinpflug, Cornelia and Baker, Claire and Challiss, RA and Mistry, Raj and Haustein, Martin D and Griffin, Sarah J and Tong, Huaxia and Graham, Bruce P and Forsythe, Ian D},
  journal={Neuron},
  volume={60},
  number={4},
  pages={642--656},
  year={2008},
  publisher={Elsevier}
}
@article{brenman1996interaction,
  title={Interaction of nitric oxide synthase with the postsynaptic density protein PSD-95 and $\alpha$1-syntrophin mediated by PDZ domains},
  author={Brenman, Jay E and Chao, Daniel S and Gee, Stephen H and McGee, Aaron W and Craven, Sarah E and Santillano, Daniel R and Wu, Ziqiang and Huang, Fred and Xia, Houhui and Peters, Matthew F and others},
  journal={Cell},
  volume={84},
  number={5},
  pages={757--767},
  year={1996},
  publisher={Elsevier}
}
@article{steinert2011nitric,
  title={Nitric oxide is an activity-dependent regulator of target neuron intrinsic excitability},
  author={Steinert, Joern R and Robinson, Susan W and Tong, Huaxia and Haustein, Martin D and Kopp-Scheinpflug, Cornelia and Forsythe, Ian D},
  journal={Neuron},
  volume={71},
  number={2},
  pages={291--305},
  year={2011},
  publisher={Elsevier}
}
@article{karcz2011low,
  title={Low-voltage activated Kv1. 1 subunits are crucial for the processing of sound source location in the lateral superior olive in mice},
  author={Karcz, Anita and Hennig, Matthias H and Robbins, Carol A and Tempel, Bruce L and R{\"u}bsamen, Rudolf and Kopp-Scheinpflug, Cornelia},
  journal={The Journal of physiology},
  volume={589},
  number={5},
  pages={1143--1157},
  year={2011},
  publisher={Wiley Online Library}
}
@book{ehret1997central,
  title={The central auditory system},
  author={Ehret, G{\"u}nter and Ehret, Gunter and Romand, Raymond},
  year={1997},
  publisher={Oxford University Press}
}
@article{mathews2010control,
  title={Control of submillisecond synaptic timing in binaural coincidence detectors by Kv1 channels},
  author={Mathews, Paul J and Jercog, Pablo E and Rinzel, John and Scott, Luisa L and Golding, Nace L},
  journal={Nature neuroscience},
  volume={13},
  number={5},
  pages={601--609},
  year={2010},
  publisher={Nature Publishing Group}
}
@article{vincent2010nitric,
  title={Nitric oxide neurons and neurotransmission},
  author={Vincent, Steven R},
  journal={Progress in neurobiology},
  volume={90},
  number={2},
  pages={246--255},
  year={2010},
  publisher={Elsevier}
}
@article{ignarro1987endothelium,
  title={Endothelium-derived relaxing factor produced and released from artery and vein is nitric oxide},
  author={Ignarro, Louis J and Buga, Georgette M and Wood, Keith S and Byrns, Russell E and Chaudhuri, Gautam},
  journal={Proceedings of the National Academy of Sciences},
  volume={84},
  number={24},
  pages={9265--9269},
  year={1987},
  publisher={National Acad Sciences}
}
@MISC{HEKA,
  title = {Heka},
  howpublished = "\url{http://www.heka.com/}",
  year = {2014}, 
  note = "[Online; accessed 16-May-2014]"
}
@MISC{Axon,
  title = {Axon pClamp},
  howpublished = "\url{http://www.moleculardevices.com/products/software/pclamp.html}",
  year = {2014}, 
  note = "[Online; accessed 16-May-2014]"
}
@MISC{Stimfit,
  title = {Stimfit},
  howpublished = "\url{http://www.stimfit.org/doc/sphinx/index.html}",
  year = {2014}, 
  note = "[Online; accessed 16-May-2014]"
}
@article{postlethwaite2007acceleration,
  title={Acceleration of AMPA receptor kinetics underlies temperature-dependent changes in synaptic strength at the rat calyx of Held},
  author={Postlethwaite, Michael and Hennig, Matthias H and Steinert, Joern R and Graham, Bruce P and Forsythe, Ian D},
  journal={The Journal of physiology},
  volume={579},
  number={1},
  pages={69--84},
  year={2007},
  publisher={Wiley Online Library}
}
@book{schutter2009computational,
  title={Computational modeling methods for neuroscientists},
  author={Schutter, Erik De},
  year={2009},
  publisher={The MIT Press}
}
@article{zhou2005model,
  title={A model for interaural time difference sensitivity in the medial superior olive: interaction of excitatory and inhibitory synaptic inputs, channel dynamics, and cellular morphology},
  author={Zhou, Yi and Carney, Laurel H and Colburn, H Steven},
  journal={The Journal of neuroscience},
  volume={25},
  number={12},
  pages={3046--3058},
  year={2005},
  publisher={Soc Neuroscience}
}
@article{hines1997neuron,
  title={The NEURON simulation environment},
  author={Hines, Michael L and Carnevale, Nicholas T},
  journal={Neural computation},
  volume={9},
  number={6},
  pages={1179--1209},
  year={1997},
  publisher={MIT Press}
}
@article{kopp2011sound,
  title={The sound of silence: ionic mechanisms encoding sound termination},
  author={Kopp-Scheinpflug, Cornelia and Tozer, Adam JB and Robinson, Susan W and Tempel, Bruce L and Hennig, Matthias H and Forsythe, Ian D},
  journal={Neuron},
  volume={71},
  number={5},
  pages={911--925},
  year={2011},
  publisher={Elsevier}
}
@article{jercog2010asymmetric,
  title={Asymmetric excitatory synaptic dynamics underlie interaural time difference processing in the auditory system},
  author={Jercog, Pablo E and Svirskis, Gytis and Kotak, Vibhakar C and Sanes, Dan H and Rinzel, John},
  journal={PLoS biology},
  volume={8},
  number={6},
  pages={e1000406},
  year={2010},
  publisher={Public Library of Science}
}
@article{grothe1998sensitivity,
  title={Sensitivity to interaural time differences in the medial superior olive of a small mammal, the Mexican free-tailed bat},
  author={Grothe, Benedikt and Park, Thomas J},
  journal={The Journal of neuroscience},
  volume={18},
  number={16},
  pages={6608--6622},
  year={1998},
  publisher={Soc Neuroscience}
}
@article{brand2002precise,
  title={Precise inhibition is essential for microsecond interaural time difference coding},
  author={Brand, Antje and Behrend, Oliver and Marquardt, Torsten and McAlpine, David and Grothe, Benedikt},
  journal={Nature},
  volume={417},
  number={6888},
  pages={543--547},
  year={2002},
  publisher={Nature Publishing Group}
}
@article{fitzpatrick2000neural,
  title={Neural sensitivity to interaural time differences: beyond the Jeffress model},
  author={Fitzpatrick, Douglas C and Kuwada, Shigeyuki and Batra, Ranjan},
  journal={The Journal of Neuroscience},
  volume={20},
  number={4},
  pages={1605--1615},
  year={2000},
  publisher={Soc Neuroscience}
}
@article{tsodyks1997neural,
  title={The neural code between neocortical pyramidal neurons depends on neurotransmitter release probability},
  author={Tsodyks, Misha V and Markram, Henry},
  journal={Proceedings of the National Academy of Sciences},
  volume={94},
  number={2},
  pages={719--723},
  year={1997},
  publisher={National Acad Sciences}
}